@BOOK{dummy:1,
AUTHOR="Alfred J. Menezes, Paul C. van Oorschot and Scott A. Vanstone",
TITLE="Handbook of Applied Cryptography",
PUBLISHER="CRC Press",
YEAR="1996",
}
